%%%%%%%%%%%%%%%%%%%%%%%%%%%%%%%%%%%%%%%%%%%%%%%%%%%%%%%%%%%%%%%%%%%%%%%%%%%%%%%%
%%
%% Список литературы
%%
%%%%%%%%%%%%%%%%%%%%%%%%%%%%%%%%%%%%%%%%%%%%%%%%%%%%%%%%%%%%%%%%%%%%%%%%%%%%%%%%
%%
%%@ARTICLE{russian,
%%  author = {Василий Пупкин and Василиса Пупкина and Пупкинский, В.П.},
%%  title = {Русская статья},
%%  journal = {Научно-технические ведомости НИИ ЧАВО},
%%  year = 2000,
%%  number = 16,
%%  pages = {32--64},
%%  language = {russian},
%%}

%%@book{java-book,
%%	title={Программирование на Java},
%%	author={Нимейер, П. and Леук, Д.},
%%	isbn={9785457661004},
%%	url={https://books.google.ru/books?id=zVpUBQAAQBAJ},
%%	year={2014},
%%	publisher={Эксмо},
%%	language = {russian},
%%}

@online{reliability,
	title = {Архитектуры и топологии многопроцессорных вычислительных систем},
	organization = {Национальный открытый университет Интуит},
	url = {https://www.intuit.ru/studies/courses/45/45/lecture/1358},
	urldate = {19.05.2019},
	language = {russian},
}

@online{Spectrum,
	title = {Мануал на систему мониторинга IBM Spectrum Accelerate},
	organization = {IBM},
	url = {http://www.redbooks.ibm.com/redbooks/pdfs/sg248267.pdf},
	urldate = {22.05.2019},
	language = {russian},
}

@online{EMC,
	title = {Мануал на систему мониторинга EMC VNX Monitoring and Reporting},
	organization = {EMC},
	url = {https://www.emc.com/collateral/TechnicalDocument/docu43305.pdf},
	urldate = {24.05.2019},
	language = {russian},
}
@online{Fujitsu,
	title = {Мануал на систему мониторинга Fujitsu ServerView System Monitor},
	organization = {Fujitsu},
	url = {https://www.emc.com/collateral/TechnicalDocument/docu43305.pdf},
	urldate = {26.05.2019},
	language = {russian},
}
@online{Anomaly,
	title = {Официальный сайт продукта Anomaly},
	organization = {Anomaly},
	url = {https://anomaly.io},
	urldate = {26.05.2019},
	language = {russian},
}
%%%%%%%%%%%%%%%%%%%%%%%%%%%%%%%%%%%%%%%%%%%%%%%%%%%%%%%%%%%%%%%%%%%%%%%%%%%%%%%%
